<record><leader>00000cas a22000007a 4500</leader><controlfield tag="001">14758607</controlfield><controlfield tag="008">861117d19211927wiudn ne      0    0eng d</controlfield><datafield ind1=" " ind2=" " tag="010"><subfield code="a">sn 86086790 </subfield></datafield><datafield ind1=" " ind2=" " tag="040"><subfield code="a">NPV</subfield><subfield code="b">eng</subfield><subfield code="c">NPV</subfield><subfield code="d">OCLCQ</subfield></datafield><datafield ind1=" " ind2=" " tag="042"><subfield code="a">msc</subfield></datafield><datafield ind1="0" ind2="4" tag="245"><subfield code="a">The Marshfield daily news.</subfield></datafield><datafield ind1=" " ind2=" " tag="260"><subfield code="a">Marshfield, Wis. :</subfield><subfield code="b">Marshfield Pub. Co.,</subfield><subfield code="c">1921-1927.</subfield></datafield><datafield ind1=" " ind2=" " tag="300"><subfield code="a">v.</subfield></datafield><datafield ind1=" " ind2=" " tag="310"><subfield code="a">Daily (except Sunday)</subfield></datafield><datafield ind1="0" ind2=" " tag="362"><subfield code="a">Vol. 1, no. 1 (Mar. 7, 1921)-v. 7, no. 130 (Aug. 6, 1927).</subfield></datafield><datafield ind1=" " ind2=" " tag="752"><subfield code="a">United States</subfield><subfield code="b">Wisconsin</subfield><subfield code="c">Wood</subfield><subfield code="d">Marshfield.</subfield></datafield><datafield ind1="0" ind2="7" tag="785"><subfield code="t">Marshfield herald</subfield><subfield code="w">(DLC)sn 86086654</subfield><subfield code="w">(OCoLC)14163298</subfield></datafield><datafield ind1="0" ind2="7" tag="785"><subfield code="t">Marshfield news-herald</subfield><subfield code="w">(DLC)sn 86091506</subfield><subfield code="w">(OCoLC)13781678</subfield></datafield></record>